<?xml version="1.0" encoding="UTF-8"?><record xmlns="http://www.loc.gov/MARC21/slim" xmlns:cinclude="http://apache.org/cocoon/include/1.0" xmlns:zs="http://www.loc.gov/zing/srw/">
  <leader>00957cz  a2200181n  4500</leader>
  <controlfield tag="001">n  93121140 </controlfield>
  <controlfield tag="003">DLC</controlfield>
  <controlfield tag="005">20130530074930.0</controlfield>
  <controlfield tag="008">931214n| azannaabn          |n aaa      </controlfield>
  <datafield tag="010" ind1=" " ind2=" ">
    <subfield code="a">n  93121140 </subfield>
    <subfield code="z">n  94037501 </subfield>
  </datafield>
  <datafield tag="040" ind1=" " ind2=" ">
    <subfield code="a">DLC</subfield>
    <subfield code="b">eng</subfield>
    <subfield code="e">rda</subfield>
    <subfield code="c">DLC</subfield>
    <subfield code="d">DLC</subfield>
  </datafield>
  <datafield tag="046" ind1=" " ind2=" ">
    <subfield code="f">19421022</subfield>
  </datafield>
  <datafield tag="100" ind1="1" ind2=" ">
    <subfield code="a">Kucharik, Elena</subfield>
  </datafield>
  <datafield tag="374" ind1=" " ind2=" ">
    <subfield code="a">Illustrator</subfield>
  </datafield>
  <datafield tag="375" ind1=" " ind2=" ">
    <subfield code="a">female</subfield>
  </datafield>
  <datafield tag="670" ind1=" " ind2=" ">
    <subfield code="a">Pouche, c1991:</subfield>
    <subfield code="b">t.p. (Elena Kucharik)</subfield>
  </datafield>
  <datafield tag="670" ind1=" " ind2=" ">
    <subfield code="a">God loves you, 2001:</subfield>
    <subfield code="b">CIP t.p. (Elena Kucharik) data sheet (b. Oct. 22, 1942)</subfield>
  </datafield>
  <datafield tag="670" ind1=" " ind2=" ">
    <subfield code="a">Wikipedia, May 29, 2013</subfield>
    <subfield code="b">(Elena Kucharik is a children's illustrator from the U.S., known for her artwork across the entire line of Care Bears items from the 1980s. She was co-creator of that franchise along with Linda Denham. Kucharik is also an illustrator of the Christian children's book series Little Blessings published by Tyndale House. Kucharik was born in Cleveland, Ohio and received a Bachelor Degree of Fine Arts from Kent State University)</subfield>
  </datafield>
</record>